% This file was created with Citavi 5.5.0.1

@misc{.AboutMono,
 year = {17.03.2017},
 title = {About Mono | Mono},
 url = {https://www.mono-project.com/docs/about-mono/},
 urldate = {20.03.2017}
}


@misc{.MonoProject,
 abstract = {GitHub is where people build software. More than 20 million people use GitHub to discover, fork, and contribute to over 54 million projects.},
 title = {Mono Project},
 url = {https://github.com/mono},
 urldate = {20.03.2017}
}


@misc{.Webframework,
 year = {18.03.2017},
 title = {Web framework rankings | HotFrameworks},
 url = {https://hotframeworks.com/},
 urldate = {18.03.2017}
}


@misc{.Xamarin,
 abstract = {GitHub is where people build software. More than 20 million people use GitHub to discover, fork, and contribute to over 54 million projects.},
 title = {Xamarin},
 url = {https://github.com/xamarin},
 urldate = {19.03.2017}
}


@misc{ChelseaBaldwin.CrossPlatform,
 abstract = {Should you build your app on iOS or Android? With these 10 best cross platform mobile development tools, you don't have to choose. And many are free!},
 author = {{Chelsea Baldwin}},
 editor = {{buildblog by thinkapps}},
 title = {Cross Platform Mobile Development: 10 Best Tools},
 url = {http://thinkapps.com/blog/development/develop-for-ios-v-android-cross-platform-tools/},
 urldate = {16.03.2017}
}


@misc{DanielWurstl.Appsund,
 abstract = {Was genau ist eigentlich eine App und was ist der Unterschied zur Web-App? Hier die Definitionen zu App und Web-App.},
 author = {{Daniel W{\"u}rstl}},
 editor = {Internet-Agentur-Bodensee},
 title = {Apps und WebApps - Definition},
 url = {http://www.app-entwickler-verzeichnis.de/faq-app-entwicklung/11-definitionen/31-apps-und-webapps-definition},
 keywords = {beschreibung;definition app;Hybrid-Apps;mobile applikation;smartphone app;Web App;webapp;web-app;wiki;wikipedia},
 urldate = {16.03.2017}
}


@misc{DanielWurstl.Unterschiedeund,
 abstract = {Vergleich der Vorteile und Unterschiede zwischen nativen Apps f{\"u}r ein Betriebssystem und Web Apps, die {\"u}ber den Browser laufen.},
 author = {{Daniel W{\"u}rstl}},
 editor = {Internet-Agentur-Bodensee},
 title = {Unterschiede und Vergleich native Apps vs. Web Apps},
 url = {http://www.app-entwickler-verzeichnis.de/faq-app-entwicklung/11-definitionen/107-unterschiede-und-vergleich-native-apps-vs-web-apps},
 keywords = {betriebssystemvergleich;Hybrid-Apps;nativ vs webapp;Native Apps;vergleich nativ;vergleich nativ vs webapp;vergleich webapp;Web App;web apps;webapps},
 urldate = {16.03.2017}
}


@misc{MarcoBergmann.HybridAppsDefinition,
 abstract = {Hybrid Apps sind ein zuk{\"u}nftiges Thema. Doch was verbirgt sich hinter dem Begriff {\dq}Hybrid Apps{\dq}, deren Eigenschaften und wo liegen die Einsatzm{\"o}glichkeiten.},
 author = {{Marco Bergmann}},
 editor = {Flyacts},
 title = {Hybrid-Apps -- Definition, Eigenschaften, Einsatzorte, Vorteile und Beispiele},
 url = {http://www.flyacts.com/blog/hybrid-apps-definition-eigenschaften-einsatzorte-vorteile-und-beispiele/},
 keywords = {css3;html5;hybrid apps;javascript;mobile business;mobile commerce;mobile marketing;phonegap},
 urldate = {16.03.2017}
}


@misc{Microsoft.Overviewof,
 editor = {Microsoft},
 title = {Overview of the .NET Framework},
 url = {https://msdn.microsoft.com/en-us/library/zw4w595w(v=vs.110).aspx},
 urldate = {16.03.2017}
}


@misc{Nethority.Web&App,
 abstract = {Web Development Your website is the most visible part of your company and it is where all your online marketing efforts must be directed towards. It is very},
 editor = {Nethority},
 title = {Web {\&} App Development},
 url = {http://www.nethority.com/web-app-development/},
 urldate = {16.03.2017}
}


@misc{PetraRiepe.NativeApp,
 abstract = {{\glqq}Apps{\grqq} sind heutzutage nicht mehr wegzudenken, da sie immer und {\"u}berall auf allen m{\"o}glichen Ger{\"a}tetypen verf{\"u}gbar sind. Aber nicht alle Apps laufen auf allen Plattformen. Im folgenden Artikel werden wir die verschiedenen Arten von Apps mit Vor- und Nachteilen vorstellen und im Speziellen die M{\"o}glichkeiten zum Offline-Einsatz von Web Apps beleuchten.},
 author = {{Petra Riepe}},
 editor = {Computerwoche},
 title = {Native App, Web App und Hybrid App im {\"U}berblick: Warum native wenn es auch hybrid geht?},
 url = {http://www.computerwoche.de/a/warum-native-wenn-es-auch-hybrid-geht,3096411},
 keywords = {App;Aufbau;hybride App;Java Script;native App;Plattformen Browser HTML;web-app},
 urldate = {16.03.2017}
}


@misc{RiteshPatil.Prosand,
 abstract = {The world has gone mobile. One of the most challenging situations for app developers is whether to develop a native mobile app or go for cross-platform. This article discusses the pros and cons of cross-platform mobile app development.},
 author = {{Ritesh Patil}},
 editor = {InfoQ},
 title = {Pros and Cons of Cross-Platform Mobile App Development},
 url = {https://www.infoq.com/articles/mobile-cross-platform-app-development},
 keywords = {Android;Architecture {\&} Design;CSS;Development;HTML;html5;iOS;Markup Languages;Mobile;mobile cross platform app development;Mobile Development;Native Apps;Operating Systems;Rich Internet Apps;SDK;Web Development},
 urldate = {16.03.2017}
}


@misc{Xamarin.Introductionto,
 editor = {Xamarin},
 title = {Introduction to Mobile Development - Xamarin},
 url = {https://developer.xamarin.com/guides/cross-platform/getting_started/introduction_to_mobile_development/},
 urldate = {19.03.2017}
}


@misc{Xamarin.MobileApplication,
 abstract = {Xamarin's mobile application development platform with native user interfaces enables sharing of code across all platforms with a single C{\#} codebase.},
 editor = {Xamarin},
 title = {Mobile Application Development to Build Apps in C{\#} - Xamarin},
 url = {https://www.xamarin.com/platform},
 keywords = {mobile application development platform;mobile development platforms},
 urldate = {16.03.2017}
}


@misc{Xamarin.SharingCode,
 abstract = {This document compares the different methods of sharing code between cross-platform projects: Shared Projects, Portable Class Libraries, and .NET Standard, including the benefits and disadvantages of each.},
 editor = {Xamarin},
 title = {Sharing Code Options - Xamarin},
 url = {https://developer.xamarin.com/guides/cross-platform/application_fundamentals/code-sharing/},
 urldate = {16.03.2017}
}


